<?xml version = "1.0" encoding = "UTF-8"?><record>
  <leader>00703nam#a2200193#cc4500</leader>
  <controlfield tag="005">20210408083344.0</controlfield>
  <controlfield tag="008">930816|1993####sz############|||#|#eng#c</controlfield>
  <controlfield tag="003">DE-605</controlfield>
  <controlfield tag="001">990096194460206441</controlfield>
  <datafield tag="020" ind1=" " ind2=" ">
    <subfield code="a">9210162765</subfield>
    <subfield code="9">92-1-016276-5</subfield>
    <subfield code="0">(uri) http://www.isbnsearch.org/isbn/9210162765</subfield>
  </datafield>
  <datafield tag="035" ind1=" " ind2=" ">
    <subfield code="a">(DE-605)HT004944075</subfield>
  </datafield>
  <datafield tag="040" ind1=" " ind2=" ">
    <subfield code="a">294</subfield>
    <subfield code="b">ger</subfield>
    <subfield code="e">rakwb</subfield>
  </datafield>
  <datafield tag="041" ind1=" " ind2=" ">
    <subfield code="a">eng</subfield>
    <subfield code="a">fre</subfield>
    <subfield code="a">rus</subfield>
  </datafield>
  <datafield tag="044" ind1=" " ind2=" ">
    <subfield code="c">XA-CH</subfield>
  </datafield>
  <datafield tag="245" ind1="0" ind2="0">
    <subfield code="a">Annual bulletin of transport statistics for Europe and North America</subfield>
    <subfield code="n">43. 1993</subfield>
    <subfield code="c">Economic Commission for Europe, Transport Division, United Nations</subfield>
  </datafield>
  <datafield tag="264" ind1=" " ind2="1">
    <subfield code="a">Gen&#232;ve [u.a.]</subfield>
    <subfield code="b">UN</subfield>
    <subfield code="c">1993</subfield>
  </datafield>
  <datafield tag="710" ind1="2" ind2=" ">
    <subfield code="a">Vereinte Nationen</subfield>
    <subfield code="b">Wirtschaftskommission f&#252;r Europa</subfield>
    <subfield code="0">(DE-588)2023669-4</subfield>
    <subfield code="4">oth</subfield>
    <subfield code="9">O:H</subfield>
    <subfield code="0">(uri) https://portal.dnb.de/opac.htm?method=simpleSearch&amp;cqlMode=true&amp;query=idn=004811186</subfield>
    <subfield code="0">(uri) http://viaf.org/viaf/sourceID/DNB|004811186</subfield>
    <subfield code="B">GND-004811186</subfield>
  </datafield>
  <datafield tag="773" ind1="0" ind2="8">
    <subfield code="w">(DE-605)HT002619538</subfield>
    <subfield code="q">43</subfield>
  </datafield>
  <datafield tag="964" ind1="0" ind2="s">
    <subfield code="F">030</subfield>
    <subfield code="A">a|1uc||||||||</subfield>
  </datafield>
  <datafield tag="MBD" ind1=" " ind2=" ">
    <subfield code="M">49HBZ_NETWORK</subfield>
    <subfield code="i">990096194460206441</subfield>
    <subfield code="n">HBZ Network</subfield>
  </datafield>
  <datafield tag="MNG" ind1=" " ind2=" ">
    <subfield code="c">System</subfield>
    <subfield code="f">ILS</subfield>
    <subfield code="i">marc21</subfield>
    <subfield code="k">01</subfield>
    <subfield code="e">false</subfield>
    <subfield code="d">2021-04-08 08:33:44 Europe/Berlin</subfield>
    <subfield code="g">009619446-HBZ01</subfield>
    <subfield code="j">60</subfield>
    <subfield code="a">import</subfield>
    <subfield code="b">2021-04-06 01:17:24 Europe/Berlin</subfield>
  </datafield>
  <datafield tag="GKT" ind1="2" ind2=" ">
    <subfield code="a">UNECE</subfield>
    <subfield code="4">abku</subfield>
    <subfield code="4">http://d-nb.info/standards/elementset/gnd#abbreviatedNameForTheCorporateBody</subfield>
    <subfield code="w">r</subfield>
    <subfield code="i">Abkuerzung</subfield>
    <subfield code="e">Abkuerzung</subfield>
    <subfield code="A">GND</subfield>
    <subfield code="B">GND-004811186</subfield>
    <subfield code="C">410</subfield>
  </datafield>
  <datafield tag="GKT" ind1="2" ind2=" ">
    <subfield code="a">Vereinte Nationen</subfield>
    <subfield code="b">Economic Commission for Europe</subfield>
    <subfield code="A">GND</subfield>
    <subfield code="B">GND-004811186</subfield>
    <subfield code="C">410</subfield>
  </datafield>
  <datafield tag="GKT" ind1="2" ind2=" ">
    <subfield code="a">UN-ECE</subfield>
    <subfield code="4">abku</subfield>
    <subfield code="4">http://d-nb.info/standards/elementset/gnd#abbreviatedNameForTheCorporateBody</subfield>
    <subfield code="w">r</subfield>
    <subfield code="i">Abkuerzung</subfield>
    <subfield code="e">Abkuerzung</subfield>
    <subfield code="A">GND</subfield>
    <subfield code="B">GND-004811186</subfield>
    <subfield code="C">410</subfield>
  </datafield>
  <datafield tag="GKT" ind1="2" ind2=" ">
    <subfield code="a">Wirtschaftskommission fu&#776;r Europa</subfield>
    <subfield code="A">GND</subfield>
    <subfield code="B">GND-004811186</subfield>
    <subfield code="C">410</subfield>
  </datafield>
  <datafield tag="GKT" ind1="2" ind2=" ">
    <subfield code="a">Wirtschaftskommission der Vereinten Nationen fu&#776;r Europa</subfield>
    <subfield code="4">nauv</subfield>
    <subfield code="4">http://d-nb.info/standards/elementset/gnd#variantName</subfield>
    <subfield code="w">r</subfield>
    <subfield code="i">Unveraenderte Form</subfield>
    <subfield code="e">Unveraenderte Form</subfield>
    <subfield code="A">GND</subfield>
    <subfield code="B">GND-004811186</subfield>
    <subfield code="C">410</subfield>
  </datafield>
  <datafield tag="GKT" ind1="2" ind2=" ">
    <subfield code="a">Vereinte Nationen</subfield>
    <subfield code="b">Commission e&#769;conomique pour l&apos;Europe</subfield>
    <subfield code="A">GND</subfield>
    <subfield code="B">GND-004811186</subfield>
    <subfield code="C">410</subfield>
  </datafield>
  <datafield tag="GKT" ind1="2" ind2=" ">
    <subfield code="a">CEE</subfield>
    <subfield code="4">abku</subfield>
    <subfield code="4">http://d-nb.info/standards/elementset/gnd#abbreviatedNameForTheCorporateBody</subfield>
    <subfield code="w">r</subfield>
    <subfield code="i">Abkuerzung</subfield>
    <subfield code="e">Abkuerzung</subfield>
    <subfield code="A">GND</subfield>
    <subfield code="B">GND-004811186</subfield>
    <subfield code="C">410</subfield>
  </datafield>
  <datafield tag="GKT" ind1="2" ind2=" ">
    <subfield code="a">Vereinte Nationen</subfield>
    <subfield code="b">Evropejskaja E&#775;konomic&#780;eskaja Komissija</subfield>
    <subfield code="A">GND</subfield>
    <subfield code="B">GND-004811186</subfield>
    <subfield code="C">410</subfield>
  </datafield>
  <datafield tag="GKT" ind1="2" ind2=" ">
    <subfield code="a">Evropejskaja E&#775;konomic&#780;eskaja Komissija</subfield>
    <subfield code="A">GND</subfield>
    <subfield code="B">GND-004811186</subfield>
    <subfield code="C">410</subfield>
  </datafield>
  <datafield tag="GKT" ind1="2" ind2=" ">
    <subfield code="a">Europa&#776;ische Wirtschaftskommission</subfield>
    <subfield code="A">GND</subfield>
    <subfield code="B">GND-004811186</subfield>
    <subfield code="C">410</subfield>
  </datafield>
  <datafield tag="GKT" ind1="2" ind2=" ">
    <subfield code="a">Vereinte Nationen</subfield>
    <subfield code="b">Wirtschafts- und Sozialrat</subfield>
    <subfield code="b">Wirtschaftskommission fu&#776;r Europa</subfield>
    <subfield code="A">GND</subfield>
    <subfield code="B">GND-004811186</subfield>
    <subfield code="C">410</subfield>
  </datafield>
  <datafield tag="GKT" ind1="2" ind2=" ">
    <subfield code="a">Vereinte Nationen</subfield>
    <subfield code="b">E&#775;konomic&#780;eskaja Komissija dlja Evropy</subfield>
    <subfield code="A">GND</subfield>
    <subfield code="B">GND-004811186</subfield>
    <subfield code="C">410</subfield>
  </datafield>
  <datafield tag="GKT" ind1="2" ind2=" ">
    <subfield code="a">E&#775;konomic&#780;eskaja Komissija dlja Evropy</subfield>
    <subfield code="A">GND</subfield>
    <subfield code="B">GND-004811186</subfield>
    <subfield code="C">410</subfield>
  </datafield>
  <datafield tag="GKT" ind1="2" ind2=" ">
    <subfield code="a">Vereinte Nationen</subfield>
    <subfield code="b">Wirtschaftsausschuss fu&#776;r Europa</subfield>
    <subfield code="A">GND</subfield>
    <subfield code="B">GND-004811186</subfield>
    <subfield code="C">410</subfield>
  </datafield>
  <datafield tag="GKT" ind1="2" ind2=" ">
    <subfield code="a">Wirtschaftsausschuss fu&#776;r Europa</subfield>
    <subfield code="A">GND</subfield>
    <subfield code="B">GND-004811186</subfield>
    <subfield code="C">410</subfield>
  </datafield>
  <datafield tag="GKT" ind1="2" ind2=" ">
    <subfield code="a">Vereinte Nationen</subfield>
    <subfield code="b">Euro&#769;pai Gazdasa&#769;gi Bizottsa&#769;g</subfield>
    <subfield code="A">GND</subfield>
    <subfield code="B">GND-004811186</subfield>
    <subfield code="C">410</subfield>
  </datafield>
  <datafield tag="GKT" ind1="2" ind2=" ">
    <subfield code="a">Euro&#769;pai Gazdasa&#769;gi Bizottsa&#769;g</subfield>
    <subfield code="A">GND</subfield>
    <subfield code="B">GND-004811186</subfield>
    <subfield code="C">410</subfield>
  </datafield>
  <datafield tag="GKT" ind1="2" ind2=" ">
    <subfield code="a">ECE</subfield>
    <subfield code="4">abku</subfield>
    <subfield code="4">http://d-nb.info/standards/elementset/gnd#abbreviatedNameForTheCorporateBody</subfield>
    <subfield code="w">r</subfield>
    <subfield code="i">Abkuerzung</subfield>
    <subfield code="e">Abkuerzung</subfield>
    <subfield code="A">GND</subfield>
    <subfield code="B">GND-004811186</subfield>
    <subfield code="C">410</subfield>
  </datafield>
  <datafield tag="GKT" ind1="2" ind2=" ">
    <subfield code="a">Commission e&#769;conomique pour l&apos;Europe</subfield>
    <subfield code="A">GND</subfield>
    <subfield code="B">GND-004811186</subfield>
    <subfield code="C">410</subfield>
  </datafield>
  <datafield tag="GKT" ind1="2" ind2=" ">
    <subfield code="a">Vereinte Nationen</subfield>
    <subfield code="b">Europa&#776;ische Wirtschaftskommission</subfield>
    <subfield code="A">GND</subfield>
    <subfield code="B">GND-004811186</subfield>
    <subfield code="C">410</subfield>
  </datafield>
  <datafield tag="GKT" ind1="2" ind2=" ">
    <subfield code="a">Economic Commission for Europe</subfield>
    <subfield code="A">GND</subfield>
    <subfield code="B">GND-004811186</subfield>
    <subfield code="C">410</subfield>
  </datafield>
  <datafield tag="GKT" ind1="2" ind2=" ">
    <subfield code="9">L:fre</subfield>
    <subfield code="a">Nations Unies</subfield>
    <subfield code="b">Commission Economique pour l&apos;Europe</subfield>
    <subfield code="5">CH-GND</subfield>
    <subfield code="A">GND</subfield>
    <subfield code="B">GND-004811186</subfield>
    <subfield code="C">410</subfield>
  </datafield>
  <datafield tag="GKT" ind1="2" ind2=" ">
    <subfield code="a">United Nations Economic Commission for Europe</subfield>
    <subfield code="4">nauv</subfield>
    <subfield code="4">http://d-nb.info/standards/elementset/gnd#variantName</subfield>
    <subfield code="w">r</subfield>
    <subfield code="i">Unveraenderte Form</subfield>
    <subfield code="e">Unveraenderte Form</subfield>
    <subfield code="A">GND</subfield>
    <subfield code="B">GND-004811186</subfield>
    <subfield code="C">410</subfield>
  </datafield>
  <datafield tag="GKT" ind1="2" ind2=" ">
    <subfield code="a">Vereinte Nationen</subfield>
    <subfield code="b">Commissione economica per l&apos;Europa</subfield>
    <subfield code="A">GND</subfield>
    <subfield code="B">GND-004811186</subfield>
    <subfield code="C">410</subfield>
  </datafield>
  <datafield tag="GKT" ind1="2" ind2=" ">
    <subfield code="a">Commissione economica per l&apos;Europa</subfield>
    <subfield code="A">GND</subfield>
    <subfield code="B">GND-004811186</subfield>
    <subfield code="C">410</subfield>
  </datafield>
  <datafield tag="GKT" ind1="2" ind2=" ">
    <subfield code="a">Vereinte Nationen</subfield>
    <subfield code="b">E&#775;konomic&#780;eskaja komissija dlja Evropy</subfield>
    <subfield code="A">GND</subfield>
    <subfield code="B">GND-004811186</subfield>
    <subfield code="C">410</subfield>
  </datafield>
  <datafield tag="GKT" ind1="2" ind2=" ">
    <subfield code="a">E&#775;konomic&#780;eskaja komissija dlja Evropy</subfield>
    <subfield code="A">GND</subfield>
    <subfield code="B">GND-004811186</subfield>
    <subfield code="C">410</subfield>
  </datafield>
  <datafield tag="GKT" ind1="2" ind2=" ">
    <subfield code="a">Vereinte Nationen</subfield>
    <subfield code="b">European Economic Commission</subfield>
    <subfield code="A">GND</subfield>
    <subfield code="B">GND-004811186</subfield>
    <subfield code="C">410</subfield>
  </datafield>
  <datafield tag="GKT" ind1="2" ind2=" ">
    <subfield code="a">European Economic Commission</subfield>
    <subfield code="A">GND</subfield>
    <subfield code="B">GND-004811186</subfield>
    <subfield code="C">410</subfield>
  </datafield>
  <datafield tag="GKT" ind1="2" ind2=" ">
    <subfield code="a">Economic Commission for Europe</subfield>
    <subfield code="A">GND</subfield>
    <subfield code="B">GND-004811186</subfield>
    <subfield code="C">410</subfield>
  </datafield>
  <datafield tag="GKT" ind1="2" ind2=" ">
    <subfield code="a">Europa&#776;ische Wirtschaftskommission der Vereinten Nationen</subfield>
    <subfield code="4">nauv</subfield>
    <subfield code="4">http://d-nb.info/standards/elementset/gnd#variantName</subfield>
    <subfield code="w">r</subfield>
    <subfield code="i">Unveraenderte Form</subfield>
    <subfield code="e">Unveraenderte Form</subfield>
    <subfield code="A">GND</subfield>
    <subfield code="B">GND-004811186</subfield>
    <subfield code="C">410</subfield>
  </datafield>
  <datafield tag="GKT" ind1="2" ind2=" ">
    <subfield code="9">L:eng</subfield>
    <subfield code="a">United Nations</subfield>
    <subfield code="b">Economic Commission for Europe</subfield>
    <subfield code="5">CH-GND</subfield>
    <subfield code="A">GND</subfield>
    <subfield code="B">GND-004811186</subfield>
    <subfield code="C">410</subfield>
  </datafield>
  <datafield tag="GSI" ind1="7" ind2=" ">
    <subfield code="a">http://d-nb.info/gnd/2023669-4</subfield>
    <subfield code="2">uri</subfield>
    <subfield code="A">GND</subfield>
    <subfield code="B">GND-004811186</subfield>
    <subfield code="C">024</subfield>
  </datafield>
</record>